@book{clear_code,
	language="russian",
	author="Р. Мартин",
	title="Чистая архитектура. Искусство разработки программного обеспечения",
	publisher=" -- СПб.: Питер",
	year="2018. -- 352 с."
}
@misc{leadersofdigital,
	title="Цифровой прорыв 2021 [Электронный ресурс]",
	howpublished="-- Режим доступа: \url{https://leadersofdigital.ru/},  (Дата обращения: 14.06.2023)"}

@misc{sqlalchemy,
	title="SQLAlchemy -- The Database Toolkit for Python [Электронный ресурс]",
	howpublished="-- Режим доступа: \url{https://www.sqlalchemy.org/},  (Дата обращения: 20.05.2023)"}

@misc{basicauth,
	title="MDN -- HTTP Authorization [Электронный ресурс]",
	howpublished="-- Режим доступа: \url{https://developer.mozilla.org/en-US/docs/Web/HTTP/Authentication},  (Дата обращения: 20.05.2023)"}

@misc{orm,
	title="FreeCodeCamp -- Object Relational Mapping [Электронный ресурс]",
	howpublished="-- Режим доступа: \url{https://www.freecodecamp.org/news/what-is-an-orm-the-meaning-of-object-relational-mapping-database-tools/},  (Дата обращения: 20.05.2023)"}



@misc{json,
	title="MDN -- Working with JSON [Электронный ресурс]",
	howpublished="-- Режим доступа: \url{https://developer.mozilla.org/en-US/docs/Learn/JavaScript/Objects/JSON},  (Дата обращения: 20.05.2023)"}


@misc{postman,
	title="Postman API Platform [Электронный ресурс]",
	howpublished="-- Режим доступа: \url{https://www.postman.com/},  (Дата обращения: 14.06.2023)"}

@misc{postgres_index,
	title="PostgreSQL Documentation -- Index Types [Электронный ресурс]",
	howpublished="-- Режим доступа: \url{https://www.postgresql.org/docs/current/indexes-types.html},  (Дата обращения: 14.06.2023)"}


@misc{jmeter,
	title="Apache JMeter -- Overview [Электронный ресурс]",
	howpublished="-- Режим доступа: \url{https://jmeter.apache.org/},  (Дата обращения: 28.05.2023)"}


@misc{attention,
	title="NN Group -- Respone times: the 3 important limits [Электронный ресурс]",
	howpublished="-- Режим доступа: \url{https://www.nngroup.com/articles/response-times-3-important-limits/},  (Дата обращения: 28.05.2023)"}


@book{db,
	language="russian",
	author="И. П. Карпова",
	title="Базы данных. Учебное пособие.",
	publisher=" -- М.: Московский государственный институт электроники и математики (Технический университет)",
	year="2009. -- 131 с."
}

@misc{skillfactory,
	title="SkillFactory - Хакатон [Электронный ресурс]",
	howpublished="-- Режим доступа: \url{https://blog.skillfactory.ru/glossary/hackathon/},  (Дата обращения: 28.05.2023)"}

@misc{hackai,
	title="Цифровой прорыв - Вопросы и ответы [Электронный ресурс]",
	howpublished="-- Режим доступа: \url{https://hacks-ai.ru/faq.html},  (Дата обращения: 28.05.2023)"}
 
@misc{flask,
	title="Flask -- Documentation (2.3.x) [Электронный ресурс]",
	howpublished="-- Режим доступа: \url{https://flask.palletsprojects.com/en/2.3.x/},  (Дата обращения: 18.05.2023)"}

@misc{python,
	title="Python -- Documentation [Электронный ресурс]",
	howpublished="-- Режим доступа: \url{https://www.python.org/},  (Дата обращения: 18.05.2023)"}

%
 
@misc{postrel,
	title="SQL -- Structured Query Language [Электронный ресурс]",
	howpublished="-- Режим доступа: \url{http://bseu.by/it/tohod/lekcii2_4.htm},  (Дата обращения: 14.05.2023)"}


@misc{psycopg2,
title="PyPi -- psycopg2 Documentation [Электронный ресурс]",
howpublished="-- Режим доступа: \url{https://pypi.org/project/psycopg2/},  (Дата обращения: 24.05.2023)"}

@misc{pytest,
title="Pytest Documentation [Электронный ресурс]",
howpublished="-- Режим доступа: \url{https://docs.pytest.org/en/7.3.x/},  (Дата обращения: 15.05.2023)"}


@misc{most_popular,
	title="C\# Corner -- Community of Software and Data Developers [Электронный ресурс]",
	howpublished="-- Режим доступа: \url{https://www.c-sharpcorner.com/article /what-is-the-most-popular-database-in-the-world/} (Дата обращения: 16.05.2023)"}

@misc{sql,
	title="SQL -- Structured Query Language [Электронный ресурс]",
	howpublished="-- Режим доступа: \url{https://docs.microsoft.com/en-us/sql/odbc/reference/structured-query-language-sql?view=sql-server-ver15} (Дата обращения: 14.05.2023)"}

@misc{restapi,
	title="IBM -- REST API Documentation [Электронный ресурс]",
	howpublished="-- Режим доступа: \url{https://www.ibm.com/docs/en/inventory-visibility?topic=apis-rest-api-documentation} (Дата обращения: 16.05.2023)"}



% 

@misc{postgresql,
	title="PostgreSQL: The World's Most Advanced Open Source Relational Database [Электронный ресурс]",
	howpublished="-- Режим доступа: \url{https://www.postgresql.org/} (Дата обращения: 14.05.2023)"}

@misc{mysql,
	title="MySQL -- The World's Most Popular Open Source Database [Электронный ресурс]",
	howpublished="-- Режим доступа: \url{https://www.mysql.com/} (Дата обращения: 19.05.2023)"}

 %

 @misc{sqlite,
	title="SQLite -- Official Website [Электронный ресурс]",
	howpublished="-- Режим доступа: \url{https://sqlite.org/index.html} (Дата обращения: 14.05.2023)"}

@misc{plpgsql,
	title="PL/pgSQL -- SQL Procedural Language [Электронный ресурс]",
	howpublished="-- Режим доступа: \url{https://www.postgresql.org/docs/current/plpgsql.html}  (Дата обращения: 14.05.2023)"}

@misc{intellij_idea,
	title="IntelliJ IDEA [Электронный ресурс]",
	howpublished="-- Режим доступа: \url{https://www.jetbrains.com/ru-ru/idea/}, свободный -- (21.06.2023)"}


@misc{hype,
	title="HYPE Hackathon Solution [Электронный ресурс]",
	howpublished="-- Режим доступа: \url{https://www.hypeinnovation.com/en/solutions/hackathons} (Дата обращения: 14.05.2023)"}

@misc{hackathon,
title="CoderNet -- Портал для помощи программистам [Электронный ресурс]",
howpublished="-- Режим доступа: \url{https://codernet.ru/articles/drugoe/xakaton_opredelenie_prostyimi_slovami_i_zachem_on_provoditsya/} (Дата обращения: 15.05.2023)"}
	
@misc{eventornado,
	title="Eventornado [Электронный ресурс]",
	howpublished="-- Режим доступа: \url{https://eventornado.com/}, свободный -- (14.05.2023)"}

@misc{hack_manager,
	title="Hackarthon Manager [Электронный ресурс]",
	howpublished="-- Режим доступа: \url{https://github.com/codeRIT/hackathon-manager}, свободный -- (14.05.2023)"}

@misc{amd,
	title="Ryzen 5 3500u [Электронный ресурс]",
	howpublished="-- Режим доступа: \url{https://www.amd.com/en/products/apu/amd-ryzen-5-pro-3500u} (дата обращения: 27.05.2023)"
}

@misc{ubuntu,
	title="Ubuntu 20.04 LTS [Электронный ресурс]",
	howpublished="-- Режим доступа: \url{https://releases.ubuntu.com/20.04/} (дата обращения: 27.06.2023)"
}

